@article{sawchuk2021computational,
  title={Computational Reproducibility: A Practical Framework for Data Curators},
  author={Sawchuk, Sandra L and Khair, Shahira},
  journal={Journal of eScience Librarianship},
  volume={10},
  number={3},
  pages={7},
  year={2021},
  doi={10.7191/jeslib.2021.1206}
}

@article{alnoamany2018towards,
  title={Towards computational reproducibility: researcher perspectives on the use and sharing of software},
  author={AlNoamany, Yasmin and Borghi, John A},
  journal={PeerJ Computer Science},
  volume={4},
  pages={e163},
  year={2018},
  publisher={PeerJ Inc.},
  doi={10.7717/peerj-cs.163}
}

@article{vable2021code,
  title={Code review as a simple trick to enhance reproducibility, accelerate learning, and improve the quality of your teamâ€™s research},
  author={Vable, Anusha M and Diehl, Scott F and Glymour, M Maria},
  journal={American Journal of Epidemiology},
  volume={190},
  number={10},
  pages={2172--2177},
  year={2021},
  publisher={Oxford University Press},
  doi={10.1093/aje/kwab092}
}

@article{horstmann2020generating,
  title={Generating codebooks to ensure the independent use of research data: Some guidelines.},
  author={Horstmann, Kai T and Arslan, Ruben C and Greiff, Samuel},
  year={2020},
  publisher={Hogrefe Publishing},
  doi={10.1027/1015-5759/a000620}
}


@article{buchanan2021getting,
  title={Getting started creating data dictionaries: How to create a shareable data set},
  author={Buchanan, Erin M and Crain, Sarah E and Cunningham, Ari L and Johnson, Hannah R and Stash, Hannah and Papadatou-Pastou, Marietta and Isager, Peder M and Carlsson, Rickard and Aczel, Balazs},
  journal={Advances in Methods and Practices in Psychological Science},
  volume={4},
  number={1},
  pages={2515245920928007},
  year={2021},
  publisher={Sage Publications Sage CA: Los Angeles, CA},
  doi={10.1177/2515245920928007}
}

@article{meyer2018practical,
  title={Practical tips for ethical data sharing},
  author={Meyer, Michelle N},
  journal={Advances in methods and practices in psychological science},
  volume={1},
  number={1},
  pages={131--144},
  year={2018},
  publisher={Sage Publications Sage CA: Los Angeles, CA},
  doi={10.1177/2515245917747656}
}


@article{lariviere2021investigating,
  title={Investigating the division of scientific labor using the Contributor Roles Taxonomy (CRediT)},
  author={Larivi{\`e}re, Vincent and Pontille, David and Sugimoto, Cassidy R},
  journal={Quantitative Science Studies},
  volume={2},
  number={1},
  pages={111--128},
  year={2021},
  publisher={MIT Press One Rogers Street, Cambridge, MA 02142-1209, USA},
  doi={10.1162/qss_a_00097
}
}

@article{holcombe2019contributorship,
  title={Contributorship, not authorship: Use CRediT to indicate who did what},
  author={Holcombe, Alex O},
  journal={Publications},
  volume={7},
  number={3},
  pages={48},
  year={2019},
  publisher={Multidisciplinary Digital Publishing Institute},
  doi={10.3390/publications7030048}
}

@article{bosnjak2021template,
  title={A template for preregistration of quantitative research in psychology: Report of the joint psychological societies preregistration task force.},
  author={Bosnjak, Michael and Fiebach, Christian J and Mellor, David and Mueller, Stefanie and O'Connor, Daryl B and Oswald, Frederick L and Sokol-Chang, Rosemarie I},
  journal={American Psychologist},
  year={2021},
  publisher={American Psychological Association},
  doi={10.1037/amp0000879}
}

@article{van2021preregistration,
  title={Preregistration of secondary data analysis: A template and tutorial},
  author={van den Akker, Olmo R and Weston, Sara and Campbell, Lorne and Chopik, Bill and Damian, Rodica and Davis-Kean, Pamela and Hall, Andrew and Kosie, Jessica and Kruse, Elliott and Olsen, Jerome and others},
  journal={Meta-Psychology},
  volume={5},
  year={2021},
  doi={10.15626/MP.2020.2625}
}

@article{weston2019recommendations,
  title={Recommendations for increasing the transparency of analysis of preexisting data sets},
  author={Weston, Sara J and Ritchie, Stuart J and Rohrer, Julia M and Przybylski, Andrew K},
  journal={Advances in methods and practices in psychological science},
  volume={2},
  number={3},
  pages={214--227},
  year={2019},
  publisher={Sage Publications Sage CA: Los Angeles, CA},
  doi={10.1177/2515245919848684}
}



@article{moshontz2021guide,
  title={A guide to posting and managing preprints},
  author={Moshontz, Hannah and Binion, Grace and Walton, Haley and Brown, Benjamin T and Syed, Moin},
  journal={Advances in Methods and Practices in Psychological Science},
  volume={4},
  number={2},
  pages={25152459211019948},
  year={2021},
  publisher={SAGE Publications Sage CA: Los Angeles, CA},
  doi={10.1177/25152459211019948}
}

@article{fry2019praise,
  title={In praise of preprints},
  author={Fry, NK and Marshal, H and Mellins-Cohen, T},
  journal={Microbial Genomics},
  volume={5},
  issue={4},
  year={2019},
  doi={10.1099/mgen.0.000259}
}

@Manual{R,
    title = {R: A Language and Environment for Statistical Computing},
    author = {{R Core Team}},
    organization = {R Foundation for Statistical Computing},
    address = {Vienna, Austria},
    year = {2022},
    url = {https://www.R-project.org/},
  }

@Article{lme4,
    title = {Fitting Linear Mixed-Effects Models Using {lme4}},
    author = {Douglas Bates and Martin M{\"a}chler and Ben Bolker and Steve Walker},
    journal = {Journal of Statistical Software},
    year = {2015},
    volume = {67},
    number = {1},
    pages = {1--48},
    doi = {10.18637/jss.v067.i01},
  }

@article{kazak2018journal,
  title={Journal article reporting standards.},
  author={Kazak, Anne E},
  year={2018},
  publisher={American Psychological Association},
  doi={10.1037/amp0000263}
}
